<?xml version="1.0" encoding="UTF-8"?><collection xmlns="http://www.loc.gov/MARC21/slim"><record><leader>00431nam--2200157-i-4500</leader><controlfield tag="001">000037729</controlfield><controlfield tag="002">20161230</controlfield><controlfield tag="005">20170107002926</controlfield><controlfield tag="008">060222s1000------------r-----000-0-eng-d</controlfield><datafield ind1=" " ind2=" " tag="080"><subfield code="a">541.124(061.3)</subfield></datafield><datafield ind1=" " ind2=" " tag="245"><subfield code="a">Protons and ions involved in fast. Dynamic phenomena</subfield></datafield><datafield ind1=" " ind2=" " tag="260"><subfield code="a">Amsterdam</subfield><subfield code="b">Elsevier Scientific Publ.Comp</subfield><subfield code="c">1978</subfield></datafield><datafield ind1=" " ind2=" " tag="300"><subfield code="a">XIV + 452 p</subfield></datafield><datafield ind1=" " ind2=" " tag="700"><subfield code="a">Laszlo, Pierre</subfield></datafield><datafield ind1=" " ind2=" " tag="852"><subfield code="a">46661</subfield></datafield><datafield ind1=" " ind2=" " tag="CAT"><subfield code="a">SYS</subfield><subfield code="c">20170107</subfield><subfield code="h">002926</subfield></datafield></record></collection>